<?xml version="1.0" encoding="UTF-8"?><record xmlns="http://www.loc.gov/MARC21/slim" xmlns:cinclude="http://apache.org/cocoon/include/1.0" xmlns:zs="http://www.loc.gov/zing/srw/">
  <leader>00390nz  a2200121n  4500</leader>
  <controlfield tag="001">n  95044248 </controlfield>
  <controlfield tag="003">DLC</controlfield>
  <controlfield tag="005">19950504134422.2</controlfield>
  <controlfield tag="008">950504n| acannaab|          |n aaa |||  </controlfield>
  <datafield tag="010" ind1=" " ind2=" ">
    <subfield code="a">n  95044248 </subfield>
  </datafield>
  <datafield tag="040" ind1=" " ind2=" ">
    <subfield code="a">DLC</subfield>
    <subfield code="c">DLC</subfield>
  </datafield>
  <datafield tag="100" ind1="1" ind2="0">
    <subfield code="a">Londonio, Francesco,</subfield>
    <subfield code="d">1723-1783</subfield>
  </datafield>
  <datafield tag="670" ind1=" " ind2=" ">
    <subfield code="a">Catalogo ragionato delle incisioni di Francesco Londonio, 1994:</subfield>
    <subfield code="b">p. 116, etc. (Francesco Londonio, b. 10-07-1723; d. 1783)</subfield>
  </datafield>
</record>